@article{xu2017bim,
  title={BIM-BASED INDOOR PATH PLANNING CONSIDERING OBSTACLES.},
  author={Xu, Man and Wei, Shuangfeng and Zlatanova, Sisi and Zhang, Ruiju},
  journal={ISPRS Annals of Photogrammetry, Remote Sensing \& Spatial Information Sciences},
  volume={4},
  year={2017}
}


@online{weird_building,
title = {Strange building shape},
  url = {https://www.google.com/search?q=floor+plan+of+weird+shaped+building&sxsrf=ALeKk01TMKyDH2aDiv5Exjms3YsilIXRPw:1601363289444&source=lnms&tbm=isch&sa=X&ved=2ahUKEwjT4ZeQ543sAhUElIsKHU33Bp0Q_AUoAXoECAwQAw&biw=1920&bih=937#imgrc=G6Fc02_O0ur7VM}}
}
